3444 5950
798 608 931 671 332

1469 600 1828 669 ROTULI
1876 600 2506 671 NORMANNIAE.
2739 607 2861 687 [A.
2882 606 2982 673 D.
3013 612 3182 673 1417.

978 781 1174 847 Rissus
1204 776 1573 866 Torquapel
1601 802 1802 865 psona
1827 781 2024 847 ecclie
2058 781 2166 847 sci
2200 781 2378 847 Petri
2407 790 2552 871 sup⁸
2577 781 2831 850 Divam.

974 894 1242 961 Galffus
1274 893 1472 959 Parin
1500 916 1700 979 psona
1729 894 1922 960 ecclic
1952 896 2034 960 de
2064 896 2495 963 Colombellis.

974 1009 1203 1075 Petrus
1234 1008 1572 1073 Domirelli
1598 1030 1801 1095 psona
1828 1008 2022 1075 eccl'ie
2049 1009 2133 1075 de
2166 1009 2480 1077 Fouloux.

971 1124 1181 1189 Guffl's
1212 1122 1523 1189 Lombatt
1549 1144 1751 1208 paona
1778 1122 1971 1188 ecclic
2000 1124 2082 1189 de
2115 1124 2404 1191 Noviers.

970 1236 1162 1303 Johes
1195 1236 1432 1302 Poeant
1460 1260 1659 1324 paona
1687 1236 1881 1302 ecclie
1916 1238 2024 1302 Sei
2056 1239 2320 1327 Georgii
2349 1239 2432 1305 de
2465 1238 2763 1306 Moleins.

969 1352 1014 1417 J
1014 1350 1167 1417 ohes
1198 1349 1451 1416 Melleti
1478 1373 1679 1437 psona
1706 1350 1900 1416 ecclic
1933 1351 2046 1416 B'e
2079 1351 2291 1419 Marie
2320 1353 2404 1419 de
2437 1354 2756 1421 Rauvilla„

974 1465 1175 1531 Ricus
1207 1464 1513 1539 Quesnon
1542 1488 1744 1551 psona
1771 1464 1966 1531 ecclie
1999 1466 2106 1531 sci
2140 1466 2412 1533 Martini
2439 1469 2524 1534 de
2559 1469 2910 1535 Sollebew.

976 1576 1224 1643 Robtus
1256 1576 1542 1654 Queurel
1570 1599 1770 1663 psona
1799 1576 1992 1642 ecclic
2025 1578 2130 1643 Sci
2163 1577 2436 1645 Martini
2464 1580 2549 1645 de
2580 1580 2927 1669 Blangnie.

974 1690 1219 1757 Nichus
1252 1690 1447 1757 Fabri
1476 1690 1746 1756 vicarius
1781 1689 1974 1757 ecclie
2002 1692 2085 1757 de
2111 1692 2390 1759 Chaone.

976 1805 1197 1871 Radus
1224 1805 1310 1870 de
1341 1804 1602 1870 Amblia
1629 1827 1830 1891 psona
1856 1806 2050 1871 ecclie
2085 1806 2190 1873 Seii
2227 1807 2506 1897 Remigii
2534 1808 2617 1875 de
2649 1808 3064 1876 Gientevilla.

973 1919 1228 1986 Guiflus
1258 1918 1341 1983 de
1375 1918 1570 1984 Porta
1598 1919 1985 2007 capellanus.

973 2032 1237 2099 Marcus
1266 2033 1328 2097 le
1361 2032 1750 2099 Bourrellier
1780 2034 2163 2122 capellanus.

976 2148 1184 2213 Lucas
1214 2146 1415 2212 Dorel
1446 2146 1827 2233 capellanus.

968 2262 1238 2350 Egidius
1271 2262 1435 2326 Bion
1466 2262 1911 2331 subdiaconus·

975 2376 1219 2441 Robtus
1244 2376 1533 2442 Lesueur
1562 2378 1945 2464 capellanus·

969 2487 1272 2555 Matheus
1303 2488 1559 2577 Doynel
1587 2490 1969 2577 capellanus.

970 2602 1197 2669 Petrus
1228 2604 1561 2670 Laurence
1590 2604 1972 2692 capellanus.

968 2717 1197 2782 Petrus
1228 2717 1325 2783 Le
1356 2718 1587 2783 Cointe
1616 2718 1999 2806 capellanuS.

964 2830 1155 2895 Johes
1186 2830 1283 2895 Le
1316 2830 1569 2917 Peleter
1599 2831 1982 2918 capellanus.

963 2943 1006 3009 J
1006 2944 1153 3009 obes
1184 2942 1281 3008 Le
1314 2942 1536 3008 Genti]
1567 2943 1955 3030 capellanus.

964 3058 1007 3123 J
1008 3058 1155 3123 ohes
1187 3057 1536 3145 Daubigny
1566 3057 1946 3144 capellanus.

964 3170 1007 3235 J
1007 3170 1156 3235 ohes
1186 3170 1327 3235 Dez
1359 3169 1583 3257 Hayez
1614 3171 1996 3258 capellanum

966 3283 1211 3348 Robtus
1245 3282 1502 3371 Blondy
1529 3284 1852 3351 diaconus.

966 3400 1195 3465 Petrus
1224 3399 1307 3465 de
1341 3399 1535 3464 Prato
1565 3400 1950 3487 capellanus·

964 3513 1292 3578 Aubertus
1325 3513 1681 3602 Leguillart
1708 3515 2091 3602 capellanus.

961 3626 1154 3692 Johes
1184 3626 1625 3714 Vaupinchart
1652 3630 2033 3716 capellanus.

963 3743 1169 3808 Guffls
1200 3742 1389 3808 Clare
1417 3743 1798 3830 capellanus.

962 3857 1193 3922 Petrus
1219 3858 1304 3923 de
1335 3856 1568 3924 Monte
1596 3859 1976 3945 capellanus.

967 3969 1161 4035 Rissus
1190 3970 1273 4036 de
1305 3971 1508 4037 Bosco
1538 3972 1919 4059 capellanus.

962 4083 1173 4149 Guffls
1205 4083 1412 4151 Lebas
1440 4085 1825 4173 capellanus.

957 4197 1150 4264 Johes
1180 4199 1420 4274 Cousin
1450 4199 1831 4288 capellanus.

956 4312 1277 4379 Jordanus
1306 4315 1664 4403 Carpenter
1692 4317 2078 4405 capellanus.

962 4425 1191 4491 Petrus
1223 4426 1464 4516 Berray
1494 4429 1882 4515 capellanus.

960 4541 1173 4607 Guifls
1204 4542 1494 4609 Poitevin
1524 4544 1908 4631 capellanus.

959 4655 1169 4722 Guffls
1198 4656 1279 4722 de
1314 4656 1543 4723 Rouen
1573 4659 1957 4746 capellanus.

958 4768 1285 4836 Gerardus
1316 4770 1533 4838 Goffet
1560 4772 1943 4860 capellanus.

958 4881 1168 4950 Guifls
1200 4885 1555 4974 Cadrigarii
1587 4887 1968 4974 capellanus..
