3444 5950
319 624 366 685 5
398 620 582 687 Hm.
604 620 722 701 V.]
1009 618 1368 686 ROTULI
1421 619 2047 687 NORMANNIAE.
2578 632 2709 692 327

507 798 686 865 Wifls
716 797 930 885 Colyn
962 796 1063 881 Q.
1094 798 1332 865 (παίετε
1361 799 1545 865 νοεαῖ
1575 798 1789 865 Ματίε
1818 801 1901 865 de
1932 798 2287 865 Wareham.

503 914 695 980 Johes
727 912 1016 978 ΤαίΠοιιτ
1048 911 1152 995 Q.
1183 914 1422 979 (παίετε
1452 913 1634 979 νοεαῖ
1665 913 1879 979 Ματίε
1908 914 1991 979 de
2023 914 2427 981 Otermouth.

509 1018 756 1094 Walffus
787 1026 1058 1117 Burgeis
1092 1027 1194 1111 Q.
1223 1028 1445 1115 picard
1471 1027 1653 1094 νοεαῖ
1683 1028 1938 1095 Trinite
1967 1028 2049 1094 de
2082 1030 2484 1094 Otermouth.

509 1141 686 1208 Wifls
716 1141 957 1231 Algold
987 1140 1090 1225 Q.
1119 1143 1340 1231 picard
1366 1144 1550 1209 νοεαῖ
1580 1143 1834 1209 Trinite
1861 1144 1945 1209 de
1978 1143 2381 1210 Otermouth.

505 1256 698 1323 Jonas
729 1256 923 1321 Prese
957 1255 1060 1339 Q.
1088 1258 1328 1321 εταίετε
1355 1255 1542 1323 νοεαῖ
1571 1256 1875 1323 Nicholas
1902 1256 1985 1321 de
2014 1256 2251 1321 Yorke.

512 1369 822 1458 Sampeofi
853 1369 1113 1437 Colwefl
1143 1369 1248 1455 Q.
1277 1368 1608 1459 balingere
1637 1370 1821 1436 νοεαῖ
1852 1369 2131 1459 Mighefl
2156 1370 2239 1435 de
2271 1368 2625 1459 Baratapifl.

503 1482 699 1549 Johae
730 1482 936 1570 Bau-y
969 1482 1069 1565 Q.
1099 1484 1337 1571 bargee
1363 1481 1548 1548 νοεαῖ
1579 1482 1859 1570 Elynore
1890 1484 1973 1547 de
2002 1482 2445 1549 Dertemouth.

505 1596 700 1663 Johes
730 1595 1044 1683 Campiofl
1073 1594 1178 1679 Q.
1207 1593 1496 1683 lodeshif)
1525 1596 1709 1663 νοεαῖ
1742 1596 2042 1661 Nicholas
2072 1596 2153 1661 de
2186 1596 2581 1686 Skarburgh.

513 1710 758 1776 Robtus
789 1712 1080 1797 Geteney
1113 1711 1214 1793 Q.
1245 1710 1517 1776 farecost
1543 1711 1727 1777 νοεαῖ
1758 1710 2013 1777 Trinite
2043 1710 2125 1777 de
2160 1710 2338 1777 Hufl.

511 1825 690 1891 wifls
721 1826 864 1891 Abe
897 1824 998 1908 Q.
1026 1824 1296 1891 farecost
1323 1823 1507 1890 νοεαῖ
1535 1824 1911 1912 Lythenard
1937 1824 2019 1889 de
2050 1824 2233 1889 Hufl.

507 1940 701 2006 Johes
734 1940 1006 2027 Gamely
1037 1938 1138 2023 Q.
1168 1940 1408 2005 (παίετε
1437 1939 1622 2006 νοεαῖ
1654 1938 1965 2005 Katerine
1993 1939 2076 2005 de
2108 1938 2287 2005 Hufl.

513 2056 736 2121 Simon
769 2054 1068 2142 Whioeby
1101 2054 1204 2139 Q.
1235 2054 1566 2142 balingere
1593 2053 1779 2120 νοεαῖ
1810 2053 2021 2121 Ματίε
2050 2054 2133 2119 de
2164 2053 2493 2120 Brixham.

505 2170 700 2236 Johoe
731 2170 992 2254 cornay
1027 2168 1128 2252 Q.
1157 2168 1398 2234 craiere
1427 2167 1613 2235 νοεαῖ
1645 2156 1889 2233 Καῖίῃε
1918 2168 2001 2233 de
2033 2167 2411 2255 Hertilpole.

512 2284 794 2351 Thomas
825 2284 1061 2350 Donne
1095 2282 1198 2367 Q.
1227 2284 1468 2349 (παίετε
1497 2282 1682 2349 νοεαῖ
1714 2282 1928 2349 Ματίε
1956 2284 2039 2348 de
2070 2282 2466 2371 Weymouth.

511 2399 794 2464 Thomas
827 2396 1098 2487 Knyghf
1131 2396 1232 2481 Q.
1265 2396 1486 2485 picard
1513 2396 1698 2463 νοεαῖ
1730 2396 1994 2486 Mat-get
2020 2397 2103 2463 de
2134 2398 2541 2465 Ooermouth.

513 2514 728 2579 Adam
780 2514 935 2579 Atte
983 2512 1181 2578 Welle
1232 2512 1336 2595 Q.
1381 2512 1620 2579 (παίετε
1672 2512 1859 2578 voca}
1906 2510 2289 2601 Rodecogge
2340 2512 2423 2577 de
2471 2512 2721 2579 Portas-

603 2628 847 2694 mouth.

511 2742 556 2807 J
556 2741 705 2807 οἱὶεα
735 2740 948 2829 Large
981 2738 1083 2824 Q.
1115 2739 1444 2828 bal-ingere
1472 2738 1658 2805 νοεαῖ
1688 2738 1991 2805 Nicholas
2021 2739 2104 2805 de
2135 2740 2519 2829 Castellyofi.

519 2854 696 2919 Wifls
727 2854 946 2931 Qwale
979 2852 1081 2937 Q.
1109 2852 1330 2941 picard
1357 2852 1542 2919 νοοαῖ
1575 2852 1871 2919 Clement
1898 2852 1981 2918 de
2012 2852 2236 2919 Cetofi.

515 2968 707 3036 ,lohes
767 2966 1070 3035 Cau-letofi
1131 2969 1234 3052 Q.
1294 2967 1534 3036 (παίετε
1604 2966 1789 3034 νοεαῖ
1856 2965 2072 3056 Lytefl
2126 2966 2298 3034 John
2372 2968 2455 3034 de
2531 2968 2721 3036 Skar-

603 3082 836 3172 burgh.

522 3197 698 3264 Wifls
729 3197 998 3285 Guyliot
1029 3196 1130 3279 Q.
1159 3195 1429 3262 farecost
1455 3194 1640 3262 νοεαῖ
1672 3194 1945 3260 Welfare
1975 3195 2057 3260 de
2090 3195 2263 3262 Pole.

521 3309 706 3376 Ηειιίι
739 3310 936 3375 Flour
966 3307 1068 3392 Q.
1097 3308 1277 3374 navis
1305 3306 1490 3373 νοεαῖ
1521 3306 1770 3394 inofre
1800 3307 1882 3374 de
1912 3307 2148 3373 Dover.

522 3413 768 3490 Walfflus
800 3421 1138 3510 Leyeestre
1171 3421 1272 3503 Q.
1303 3419 1410 3486 del
1439 3419 1652 3505 spinas
1679 3417 1864 3484 νοωῖ
1895 3419 2153 3506 Χῇίατιε
2181 3420 2264 3484 de
2296 3421 2469 3488 ΡοΙε.

521 3538 788 3606 Galffus
817 3535 1080 3623 Capelle
1111 3535 1214 3618 Q.
1245 3533 1486 3600 (παίετε
1505 3529 1689 3600 voca}
1719 3531 1933 3598 Ματίε
1961 3532 2045 3599 de
2076 3533 2457 3622 Gerneseye.

521 3655 736 3721 Adam
767 3654 912 3719 Abe
943 3652 1050 3736 Q.
1071 3652 1312 3716 (παίετε
1340 3649 1524 3716 νοεαῖ
1546 3649 1829 3714 Thomas
1858 3647 1941 3713 de
1974 3648 2369 3737 Skarburgh.

522 3769 700 3833 wius
733 3766 1045 3854 Ayllaeby
1081 3767 1181 3848 Q.
1211 3765 1454 3830 craiere
1481 3761 1664 3828 νοεαῖ
1695 3763 2197 3851 Seintmmyshii')
2226 3763 2307 3829 de
2341 3763 2613 3830 Salflete.

523 3867 742 3970 Bogus
773 3880 1079 3947 Tabberd
1110 3877 1214 3962 Q.
1244 3878 1574 3966 balingere
1603 3877 1787 3942 vocaz
1818 3875 2031 3942 Ματίε
2059 3877 2141 3942 de
2167 3877 2455 3944 Oreford.

527 3999 699 4063 Wffls
731 3995 1063 4084 Tangeley
1097 3995 1196 4077 Q.
1225 3993 1496 4059 farecost
1520 3991 1706 4058 νοεαῖ
1737 3991 1992 4057 Trinite
2021 3993 2103 4058 de
2135 3992 2412 4059 Havant.

526 4113 723 4180 Riaus
753 4109 1094 4176 Yelmetofi
1127 4108 1229 4192 Q.
1258 4109 1499 4174 (παίετε
1527 4107 1710 4172 νοοαῖ
1742 4106 1955 4172 Ματίε
1982 4106 2067 4172 de
2096 4107 2302 4172 Aissh.

523 4228 564 4294 J
565 4229 716 4293 ohes
746 4225 1100 4290 Faireware
1131 4222 1236 4306 Q.
1262 4221 1370 4288 del
1398 4221 1580 4286 skaff
1607 4221 1791 4286 νοεαῖ
1823 4221 2072 4308 Χῇοΐτε
2102 4221 2185 4287 de
2216 4221 2491 4290 Havant.

526 4339 704 4406 Wffls
733 4339 914 4405 Coke
947 4339 1048 4421 Q.
1078 4357 1334 4424 crayere
1361 4334 1546 4424 νοεαῖ
1577 4326 1821 4401 Καῖίτιε
1849 4335 1933 4400 de
1964 4334 2250 4424 Eyrimu.

527 4455 756 4524 Petrus
788 4453 982 4540 Pryte
1016 4453 1119 4535 Q.
1149 4451 1326 4524 navis
1353 4448 1538 4515 νοεαῖ
1569 4449 1783 4514 Ματίε
1811 4450 1893 4515 (1ε
1928 4449 2327 4517 Faversham.

528 4571 704 4636 Wffls
733 4568 944 4634 Hiller
975 4569 1078 4650 Q.
1107 4563 1326 4654 picard
1350 4562 1536 4630 νοεαῖ
1567 4561 1823 4652 Mighei
1855 4562 1937 4628 de
1970 4564 2370 4632 otermouth.

528 4683 708 4751 Wffls
735 4683 976 4750 Daltofi
1007 4681 1108 4764 Q.
1139 4680 1380 4747 (παίετε
1405 4678 1590 4744 νοεαῖ
1621 4677 1919 4744 Nieholas
1949 4678 2031 4744 de
2060 4679 2265 4746 York.

529 4797 716 4865 Heni
747 4795 990 4862 Santoii
1019 4795 1120 4878 Q.
1149 4795 1388 4859 (παίετε
1416 4791 1599 4858 νοεαῖ
1625 4793 1839 4858 James
1867 4792 1950 4858 de
1984 4793 2241 4860 Bartoii.

527 4913 722 4982 Johes
748 4911 894 4980 Cok
927 4911 1030 4996 Q.
1061 4911 1299 4980 (παίετε
1327 4907 1512 4976 νοεαῖ
1542 4907 1755 4973 Ματίε
1785 4908 1867 4973 de
1900 4907 2159 4974 Bartoii.

1504 5041 1548 5087 Y
1581 5050 1613 5093 4
